% Encoding: US-ASCII


@Book{Anderson,
  Title                    = {Computational Fluid Dynamics - The Basics With Applications},
  Author                   = {Anderson, J.},
  Year                     = {1995},

  Owner                    = {shorty},
  Timestamp                = {2016.09.12}
}

@Book{Bird,
  Title                    = {Transport Phenomena},
  Author                   = {Bird, R. Byron and Stewart, Warren E. and Lightfoot, Edwin N.},
  Editor                   = {Bird, R. Byron and Stewart, Warren E. and Lightfoot, Edwin N.},
  Publisher                = {John Wiley \& Sons},
  Year                     = {1960},

  Address                  = {Madison, Wisconsin},
  Month                    = {June},

  Owner                    = {shorty},
  Timestamp                = {2016.09.12}
}

@Book{Rappaz,
  Title                    = {Solidification},
  Author                   = {Dantzig, Jonathan A. and Rappaz, Michel},
  Editor                   = {Dantzig, Jonathan A. and Rappaz, Michel},
  Publisher                = {EPFL Press},
  Year                     = {2009},

  Address                  = {CH-1015 Lausanne, Switzerland},
  Edition                  = {First},

  Owner                    = {shorty},
  Timestamp                = {2016.09.12}
}

@Book{Erickson14,
  Title                    = {Hacking},
  Author                   = {Erickson, J.},
  Editor                   = {Erickson, J.},
  Publisher                = {dpunkt.verlag GmbH},
  Year                     = {2014},

  Address                  = {Heidelberg, Berlin},
  Edition                  = {First},

  Owner                    = {shorty},
  Timestamp                = {2016.09.12}
}

@Conference{Falahati11,
  Title                    = {Thermo-kinetic computer simulation of precipitation and age-hardening effect in Al-Mg-Si alloys with arbitrary heat treatment},
  Author                   = {Falahati, A. and Ahmadi, M. R., Lang, P and Povoden-Karadeniz, Erwin, Warczok, P. and Kozeschnik, E.},
  Booktitle                = {Int. J. Mater. Res.},
  Year                     = {2011},
  Pages                    = {292-299},
  Publisher                = {Materials Science and Technology Conference and Exhibition}
}

@Book{Ferziger,
  Title                    = {Numerische Str{\"o}mungsmechanik},
  Author                   = {Ferziger, Joel H. and Peri{\'c}, Milovan},
  Editor                   = {Ferziger, Joel H. and Peri{\'c}, Milovan},
  Publisher                = {Springer-Verlag},
  Year                     = {2008},

  Address                  = {Heidelberg, Berlin},
  Edition                  = {Second},

  Owner                    = {shorty},
  Timestamp                = {2016.09.12}
}

@Book{Smithells04,
  Title                    = {Smithells Metals Reference Book},
  Author                   = {Gale, William F. and Totemeier, Terry C.},
  Editor                   = {Gale, William F. and Totemeier, Terry C.},
  Publisher                = {Elsevier Buttherworth-Heinemann},
  Year                     = {2004},

  Address                  = {The Boulevard, Langford Lane, Kindlington, Oxford},
  Edition                  = {8}
}

@Manual{ProgrammersGuide,
  Title                    = {Open{$\nabla$}FOAM{\textregistered} Programmers Guide},
  Author                   = {Greenshields, Christopher J.},
  Edition                  = {Version 3.0.1},
  Month                    = {December},
  Organization             = {OpenFOAM Foundation Ltd.},
  Year                     = {2015},

  File                     = {:ProgammersGuide.pdf:PDF},
  Owner                    = {shorty},
  Timestamp                = {2016.09.12},
  Url                      = {http://foam.sourceforge.net/docs/Guides-a4/ProgrammersGuide.pdf}
}

@Book{Gurtin,
  Title                    = {The Mechanics and Thermodynamics of Continua},
  Author                   = {Morton E. Gurtin and Eliot Fried and Lallit Anand},
  Year                     = {2010},

  Owner                    = {shor-ty},
  Timestamp                = {2017.01.28}
}

@Book{Holzmann,
  Title                    = {Mathematics, Numerics, Derivations and OpenFOAM(R)},
  Author                   = {Tobias Holzmann},
  Editor                   = {Tobias Holzmann},
  Publisher                = {Holzmann CFD},
  Year                     = {2016},

  Address                  = {Leoben},
  Edition                  = {Third},
  Month                    = {November},
  Number                   = {1},
  Series                   = {1},
  Volume                   = {1},

  Doi                      = {10.13140/RG.2.2.27193.36960},
  Keywords                 = {Mathematics, Numerics, Derivations, OpenFOAM},
  Owner                    = {Tobias Holzmann},
  Timestamp                = {2016.09.05},
  Url                      = {www.holzmann-cfd.de}
}

@Misc{HolzmannPimple,
  Title                    = {The PIMPLE algorithm in OpenFOAM},

  Author                   = {Holzmann, Tobias},
  Year                     = {2014},

  Owner                    = {shor-ty},
  Timestamp                = {2016.09.28},
  Url                      = {https://openfoamwiki.net/index.php/OpenFOAM_guide/The_PIMPLE_algorithm_in_OpenFOAM}
}

@Electronic{hydro,
  Title                    = {Technical Data Sheet ALSi10Mg(a)},
  Author                   = {Hydro},
  HowPublished             = {Hydro},
  Language                 = {English},
  Organization             = {Hydro}
}

@MastersThesis{Jakesch15,
  Title                    = {Moeglichkeiten zur Steuerung der Dauerfestigkeit in Lokalen Gussoberflaechen bei Aluminium},
  Author                   = {Jakesch, Gerhard},
  School                   = {Montanuniversitaet Leoben},
  Year                     = {2015},

  Address                  = {Franz-Josef-Stra?e 18, Montanuniversit?t Leoben, Austria},
  Month                    = may,
  Type                     = {mathesis}
}

@PhdThesis{JasakPhD,
  Title                    = {Error Analysis and Estimation for the Finite Volume Method with Applications to Fluid Flows},
  Author                   = {Jasak, Hrvoje},
  School                   = {University of London},
  Year                     = {1996},

  File                     = {:JasakPhD.pdf:PDF},
  Owner                    = {shorty},
  Timestamp                = {2016.09.12}
}

@Conference{Jasak1998,
  Title                    = {Application of the Finite Volume Method and Unstructured Meshes to Linear Elastics},
  Author                   = {Jasak, Hrvoje and Weller, Henry G.},
  Booktitle                = {International journal for Numerical Methods in Engineering},
  Year                     = {1998},
  Month                    = {August},

  Doi                      = {10.1002/(SICI)1097-0207(20000520)48:23.0.CO;2-Q},
  File                     = {:Jasak1998.pdf:PDF},
  Owner                    = {shorty},
  Timestamp                = {2016.09.13},
  Url                      = {https://www.researchgate.net/publication/2294055_Application_of_the_Finite_Volume_Method_and_Unstructured_Meshes_to_Linear_Elasticity}
}

@Conference{HolzLudw16IOP,
  Title                    = {Automatic optimization of localized heat treatment for Al-Si-Mg alloys},
  Author                   = {Ludwig, Andreas and Holzmann, Tobias},
  Booktitle                = {Material Science and Engineering},
  Year                     = {2016},
  Month                    = jun,
  Publisher                = {IOP},
  Volume                   = {119},

  Doi                      = {doi:10.1088/1757-899X/119/1/012026},
  File                     = {:HolzLudw16 - Automatic optimization of localized heat treatment for Al-Si-Mg alloys.pdf:PDF},
  Url                      = {http://iopscience.iop.org/article/10.1088/1757-899X/119/1/012026/pdf}
}

@Conference{HolzLudw16TMS,
  Title                    = {LOCALIZED STRENGTHENING OF AL-BASED CASTING ALLOYS BY AUTOMATIZED OPTIMIZATION OF LASER HEAT TREATMENT},
  Author                   = {Ludwig, Andreas and Holzmann, Tobias},
  Booktitle                = {CFD Modeling and Simulation in materials Processing},
  Year                     = {2016},
  Pages                    = {125-132}
}

@Book{Moukalled15,
  Title                    = {The Finite Volume Method in Computational Fluid Dynamics An Advanced Introduction with OpenFOAM(R) and Matlab (Fluid Mechanics and Its Applications)},
  Author                   = {Moukalled, Fadl and Darwish, Marwan and Mangani, Luca},
  Publisher                = {Springer-Verlag},
  Year                     = {2015},
  Series                   = {Fluid Mechanics and its applications},
  Volume                   = {113},

  Doi                      = {DOI 10.1007/978-3-319-16874-6},
  File                     = {:Moukalled-et-al-FVM-OpenFOAM-Matlab.pdf:PDF},
  Owner                    = {shor-ty},
  Timestamp                = {2016.09.26}
}

@Book{Schwarze,
  Title                    = {CFD Modellierung},
  Author                   = {Schwarze, R{\"u}diger},
  Editor                   = {Schwarze, R{\"u}diger},
  Publisher                = {Springer-Vieweg},
  Year                     = {2013},

  Address                  = {Heidelberg, Berlin},
  Edition                  = {First},

  Owner                    = {shorty},
  Timestamp                = {2016.09.12}
}

@Conference{Tuk2007,
  Title                    = {Updated Lagrangian finite volume solver for large deformation dynamic response of elastic body},
  Author                   = {Tukovic, Zeljko and Jasak, Hrvoje},
  Booktitle                = {Trasactions of FAMENA},
  Year                     = {2007},
  Month                    = {January},
  Number                   = {1},
  Pages                    = {55-70},
  Volume                   = {35},

  File                     = {:Tuk2007.pdf:PDF},
  Owner                    = {shorty},
  Timestamp                = {2016.09.13}
}

@Book{Versteeg,
  Title                    = {An Introduction to Computational Fluid Dynamics},
  Author                   = {Versteeg, H. K. and Malalasekera, W.},
  Editor                   = {Versteeg, H. K. and Malalasekera, W.},
  Publisher                = {Longman Group},
  Year                     = {1995},
  Edition                  = {First},

  Owner                    = {shorty},
  Timestamp                = {2016.09.12}
}

@Misc{Vilums,
  Title                    = {Implementation of Transient Robin Boundary Conditions in OpenFOAM},

  Author                   = {Vilums, R},
  HowPublished             = {Workshop - Multiphysical modelling in OpenFOAM},
  Month                    = oct,
  Year                     = {2011},

  File                     = {:Vilums - Implementation of Transient Robin Boundary Conditions in OpenFOAM.pdf:PDF},
  Url                      = {http://www.modlab.lv/docs/2011/OpenFOAM/Abstracts_R_Vilums_pdf.pdf}
}

@Misc{OpenFOAM,
  Title                    = {The Open Source CFD Toolbox},

  Author                   = {Weller, Henry G. and Greenshields, Christopher J., Santos, Bruno and Janssens, Mattijs},
  HowPublished             = {OpenFOAM Foundation},
  Year                     = {2016},

  Url                      = {www.openfoam.org}
}

@Book{Wilcox,
  Title                    = {Turbulence Modeling for CFD},
  Author                   = {Wilcox, David C.},
  Editor                   = {Wilcox, David C.},
  Publisher                = {DCW Industries},
  Year                     = {1994},

  Address                  = {5354 Palm Drive, La Canada, California 91011},
  Edition                  = {First},
  Month                    = {November},

  Owner                    = {shorty},
  Timestamp                = {2016.09.12}
}

@PhdThesis{HolzmannPhD,
  Title                    = {Methodenentwicklung zur Berechnung der Materialeigenschaften von Aluminium Gusslegierungen in 3D für lokale Wärmebehandlungen mit optionaler Optimierung},
  Author                   = {Holzmann, Tobias},
  School                   = {Montanuniversität Leoben},
  Year                     = {2018},

  Owner                    = {shorty},
  Timestamp                = {2020.03.18}
}

@Comment{jabref-meta: databaseType:bibtex;}
