@article{timm2016lattice,
  title={The lattice Boltzmann method: principles and practice},
  author={Timm, Kr{\"u}ger and Kusumaatmaja, H and Kuzmin, A and Shardt, O and Silva, G and Viggen, E},
  journal={Springer International Publishing AG Switzerland, ISSN},
  pages={1868--4521},
  year={2016}
}


@book{kajishima2016computational,
  title={Computational fluid dynamics: incompressible turbulent flows},
  author={Kajishima, Takeo and Taira, Kunihiko},
  year={2016},
  publisher={Springer}
}


@article{xing2021theoretical,
  title={Theoretical investigations on lattice Boltzmann method: an amended MBD and improved LBM},
  author={Xing, Jing Tang},
  journal={Acta Mechanica Sinica},
  pages={1--24},
  year={2021},
  publisher={Springer}
}

@article{chen2021volumetric,
  title={Volumetric Lattice Boltzmann Models in General Curvilinear Coordinates: Theoretical Formulation},
  author={Chen, Hudong},
  journal={Frontiers in Applied Mathematics and Statistics},
  volume={7},
  pages={30},
  year={2021},
  publisher={Frontiers}
}

@book{darwish2021finite,
  title={The Finite Volume Method in Computational Fluid Dynamics: An Advanced Introduction with OpenFOAM{\textregistered} and Matlab{\textregistered}},
  author={Darwish, Marwan and Moukalled, Fadl},
  year={2021},
  publisher={Springer}
}

@article{holzmann2016mathematics,
  title={Mathematics, numerics, derivations and OpenFOAM{\textregistered}},
  author={Holzmann, Tobias},
  journal={Loeben, Germany: Holzmann CFD},
  year={2016}
}

@article{love2011boltzmann,
  title={From the Boltzmann equation to fluid mechanics on a manifold},
  author={Love, Peter J and Cianci, Donato},
  journal={Philosophical Transactions of the Royal Society A: Mathematical, Physical and Engineering Sciences},
  volume={369},
  number={1944},
  pages={2362--2370},
  year={2011},
  publisher={The Royal Society Publishing}
}

@article{viggen2014lattice,
  title={The lattice Boltzmann method: Fundamentals and acoustics},
  author={Viggen, Erlend Magnus},
  year={2014},
  publisher={Norges teknisk-naturvitenskapelige universitet, Fakultet for~â€¦}
}

@book{friedlander2002handbook,
  title={Handbook of mathematical fluid dynamics},
  author={Friedlander, Susan and Serre, Denis},
  year={2002},
  publisher={Elsevier}
}

@phdthesis{debus2016flows,
  title={Flows in curved spaces},
  author={Debus, Jens-Daniel},
  year={2016},
  school={ETH Zurich}
}

@article{qian1992lattice,
  title={Lattice BGK models for Navier-Stokes equation},
  author={Qian, Yue-Hong and d'Humi{\`e}res, Dominique and Lallemand, Pierre},
  journal={EPL (Europhysics Letters)},
  volume={17},
  number={6},
  pages={479},
  year={1992},
  publisher={IOP Publishing}
}

@article{gaitan2020finding,
  title={Finding flows of a Navier--Stokes fluid through quantum computing},
  author={Gaitan, Frank},
  journal={npj Quantum Information},
  volume={6},
  number={1},
  pages={1--6},
  year={2020},
  publisher={Nature Publishing Group}
}

